<record><leader>00000cas a2200000 a 4500</leader><controlfield tag="001">19254686</controlfield><controlfield tag="008">890223d191u1945tnuwr ne      0    0eng d</controlfield><datafield ind1=" " ind2=" " tag="010"><subfield code="a">sn 89058355 </subfield></datafield><datafield ind1=" " ind2=" " tag="040"><subfield code="a">KNP</subfield><subfield code="b">eng</subfield><subfield code="c">KNP</subfield><subfield code="d">TGN</subfield><subfield code="d">OCL</subfield><subfield code="d">OCLCQ</subfield><subfield code="d">OCLCF</subfield><subfield code="d">OCLCO</subfield></datafield><datafield ind1="1" ind2=" " tag="029"><subfield code="a">AU@</subfield><subfield code="b">000020038218</subfield></datafield><datafield ind1=" " ind2=" " tag="042"><subfield code="a">msc</subfield></datafield><datafield ind1=" " ind2=" " tag="043"><subfield code="a">n-us-tn</subfield></datafield><datafield ind1="0" ind2="4" tag="245"><subfield code="a">The Bledsonian and Pikeville banner.</subfield></datafield><datafield ind1="1" ind2=" " tag="246"><subfield code="i">Colophon title:</subfield><subfield code="a">Bledsonian</subfield></datafield><datafield ind1="1" ind2=" " tag="246"><subfield code="i">Issues for &lt;Dec. 11, 1942&gt;-Mar. 19, 1943 have title:</subfield><subfield code="a">Pikeville Bledsonian</subfield></datafield><datafield ind1="1" ind2=" " tag="246"><subfield code="i">Issue for Mar. 26, 1943 has title:</subfield><subfield code="a">Pikeville Bledsonian and Pikeville banner</subfield></datafield><datafield ind1="3" ind2="0" tag="246"><subfield code="a">Pikeville banner</subfield></datafield><datafield ind1="1" ind2="7" tag="246"><subfield code="a">Pikeville Bledsonian and flashlight</subfield><subfield code="f">&lt;Dec. 11, 1942&gt;-Mar. 26, 1943</subfield></datafield><datafield ind1=" " ind2=" " tag="260"><subfield code="a">Pikeville, Tenn. :</subfield><subfield code="b">Bledsonian Print. Co.,</subfield><subfield code="c">-1945.</subfield></datafield><datafield ind1=" " ind2=" " tag="300"><subfield code="a">v.</subfield></datafield><datafield ind1=" " ind2=" " tag="310"><subfield code="a">Weekly</subfield></datafield><datafield ind1="0" ind2=" " tag="362"><subfield code="a">-v. 53, no. 15 (Apr. 13, 1945).</subfield></datafield><datafield ind1=" " ind2=" " tag="580"><subfield code="a">Formed by the union of: Bledsonian, and: Pikeville Banner.</subfield></datafield><datafield ind1=" " ind2=" " tag="588"><subfield code="a">Description based on: Vol. 12, no. 1 (Aug. 12, 1926).</subfield></datafield><datafield ind1=" " ind2="0" tag="651"><subfield code="a">Pikeville (Tenn.)</subfield><subfield code="v">Newspapers.</subfield></datafield><datafield ind1=" " ind2="0" tag="651"><subfield code="a">Bledsoe County (Tenn.)</subfield><subfield code="v">Newspapers.</subfield></datafield><datafield ind1=" " ind2="7" tag="655"><subfield code="a">Newspapers.</subfield><subfield code="2">fast</subfield><subfield code="0">(OCoLC)fst01423814</subfield></datafield><datafield ind1=" " ind2="7" tag="651"><subfield code="a">Tennessee</subfield><subfield code="z">Bledsoe County.</subfield><subfield code="2">fast</subfield><subfield code="0">(OCoLC)fst01224604</subfield></datafield><datafield ind1=" " ind2="7" tag="651"><subfield code="a">Tennessee</subfield><subfield code="z">Pikeville.</subfield><subfield code="2">fast</subfield><subfield code="0">(OCoLC)fst01227988</subfield></datafield><datafield ind1=" " ind2=" " tag="752"><subfield code="a">United States</subfield><subfield code="b">Tennessee</subfield><subfield code="c">Bledsoe</subfield><subfield code="d">Pikeville.</subfield></datafield><datafield ind1="1" ind2="4" tag="780"><subfield code="t">Bledsonian</subfield></datafield><datafield ind1="1" ind2="4" tag="780"><subfield code="t">Pikeville banner</subfield></datafield><datafield ind1="0" ind2="5" tag="780"><subfield code="t">Pikeville flash light</subfield><subfield code="g">1942</subfield><subfield code="w">(DLC)sn 89058228</subfield></datafield><datafield ind1="0" ind2="0" tag="785"><subfield code="t">Bledsonian-banner</subfield><subfield code="w">(DLC)sn 89058356</subfield></datafield></record>